@BOOK {jong:2009,
    author  = "{Jong-Sen Lee and Eric Pottier}",
    title   = "{Polarimetric Radar Imaging:  From Basics toApplications}",
    journal = "{Optical Science and Engineering}",
    year    = "{2009}"
}