@BOOK {jong:2009,
    author  = "{Jong-Sen Lee and Eric Pottier}",
    title   = "{Polarimetric Radar Imaging:  From Basics to Applications}",
    journal = "{Optical Science and Engineering}",
    year    = "{2009}"
}

@BOOK {evlyn1992,
    author    = "{Evlyn Márcia Leão de Morais Novo}",
    title     = "{Sensoriamento remoto: princípios e aplicações}",
    publisher = "{Edgard Blücher}",
    year      = "{1992}",
}

@DOCTORALTHESIS {nilosergio2012,
    author = "NILO SERGIO DE OLIVEIRA ANDRADE",
    title  = "{RADAR DE ABERTURA SINTÉTICA POLARIMÉTRICO DO R-99B – ANÁLISE E APLICAÇÕES}",
    school = "{UNIVERSIDADE DE BRASÍLIA – UnB, INSTITUTO DE GEOCIÊNCIAS - IG}",
    year   = "2012.",
    month  = "mar"
}
