% Encoding: UTF-8

@Article{AssessingInformationContentinColorImages,
  author    = {Vassilis Tsagaris and Vassilis Anastassopoulos},
  journal   = {Journal of Electronic Imaging},
  title     = {Assessing information content in color images},
  year      = {2005},
  month     = oct,
  number    = {4},
  pages     = {043007},
  volume    = {14},
  doi       = {10.1117/1.2137641},
  file      = {:art05_pdf/AssessingInformationContentinColorImages.pdf:PDF},
  publisher = {{SPIE}-Intl Soc Optical Eng},
}

@Book{LeePottier2009PolarimetricRadarImaging,
  Title                    = {Polarimetric Radar Imaging: From Basics to Applications},
  Author                   = {J.-S. Lee and E. Pottier},
  Publisher                = {CRC},
  Year                     = {2009},

  Address                  = {Boca Raton},

  File                     = {LeePottier2009PolarimetricRadarImaging.pdf:livros_pdf/LeePottier2009PolarimetricRadarImaging.pdf:PDF}
}

@Article{ImprovementofPolSARDecompositionScatteringPowersUsingaRelativeDecorrelationMeasure,
  author    = {D. Ratha and M. Surendar and A. Bhattacharya},
  journal   = {Remote Sensing Letters},
  title     = {Improvement of {PolSAR} decomposition scattering powers using a relative decorrelation measure},
  year      = {2016},
  month     = {dec},
  number    = {4},
  pages     = {340--349},
  volume    = {8},
  doi       = {10.1080/2150704x.2016.1271159},
  publisher = {Informa {UK} Limited},
}

@Book{PolarisationApplicationsRemoteSensing,
  Title                    = {Polarisation: Applications in Remote Sensing},
  Author                   = {S. R. Cloude},
  Publisher                = {Oxford University Press},
  Year                     = {2010},

  File                     = {:/Users/acfrery/Library/texmf/bibtex/bib/livros_pdf/PolarisationApplicationsRemoteSensing.pdf:PDF}
}

@Article{ModelingandInterpretationofScatteringMechanismsinPolarimetricSyntheticApertureRadarAdvancesandPerspectives2014,
  author   = {S. W. Chen and Y. Z. Li and X. S. Wang and S. P. Xiao and M. Sato},
  title    = {Modeling and Interpretation of Scattering Mechanisms in Polarimetric Synthetic Aperture Radar: Advances and Perspectives},
  journal  = {IEEE Signal Processing Magazine},
  year     = {2014},
  volume   = {31},
  number   = {4},
  pages    = {79--89},
  month    = {July},
  issn     = {1053-5888},
  doi      = {10.1109/MSP.2014.2312099},
  file     = {:art14_pdf/ModelingandInterpretationofScatteringMechanismsinPolarimetricSyntheticApertureRadarAdvancesandPerspectives2014.pdf:PDF},
  keywords = {electromagnetic wave polarisation;electromagnetic wave scattering;radar polarimetry;synthetic aperture radar;PolSAR sensors;bistatic modes;compact decomposition techniques;complete information utilization;full-parameter inversion strategy;generalized scattering models;hybrid decomposition techniques;hybrid-polarization modes;imaging modes;model-based decomposition theorem;multi-incident-angle modes;nonnegative eigenvalue constraint;orientation compensation processing;polarimetric synthetic aperture radar;polarimetric-interferometric decomposition scheme;scattering mechanism interpretation techniques multiangular decomposition;Eigenvalues and eigenfunctions;Interferometry;Mathematical model;Matrix decomposition;Scattering;Solid modeling;Spaceborne radar;Synthetic aperture radar},
}

@Article{APolSARScatteringPowerFactorizationFrameworkandNovelRollInvariantParametersBasedUnsupervisedClassificationSchemeUsingaGeodesicDistanceinpress,
  author  = {D. Ratha and E. Pottier and A. Bhattacharya and A. C. Frery},
  journal = {IEEE Transactions on Geoscience and Remote Sensing},
  title   = {A {P}ol{SAR} Scattering Power Factorization Framework and Novel Roll-Invariant Parameters Based Unsupervised Classification Scheme Using a Geodesic Distance},
  year    = {2020},
  month   = may,
  number  = {5},
  pages   = {3509--3525},
  volume  = {58},
  doi     = {10.1109/tgrs.2019.2957514},
  file    = {:/Users/acfrery/Library/texmf/bibtex/bib/rdt_pdf/APolSARScatteringPowerFactorizationFrameworkandNovelRollInvariantParametersBasedUnsupervisedClassificationSchemeUsingaGeodesicDistanceinpress.pdf:PDF},
  groups  = {Journal Article},
}

@inproceedings{BanchmarckSimiliraty,
author = {Rubel, Oleksii and Tsekhmystro, Rostyslav and Lukin, Vladimir and Egiazarian, Karen},
year = {2021},
month = {04},
pages = {},
title = {Benchmark of Similar Blocks Search under Noisy Conditions},
volume = {2021},
journal = {Electronic Imaging},
doi = {10.2352/ISSN.2470-1173.2021.10.IPAS-238}
}
@Comment{jabref-meta: databaseType:bibtex;}
