% Encoding: UTF-8

@Article{AssessingInformationContentinColorImages,
  author    = {Vassilis Tsagaris and Vassilis Anastassopoulos},
  journal   = {Journal of Electronic Imaging},
  title     = {Assessing information content in color images},
  year      = {2005},
  month     = oct,
  number    = {4},
  pages     = {043007},
  volume    = {14},
  doi       = {10.1117/1.2137641},
  file      = {:art05_pdf/AssessingInformationContentinColorImages.pdf:PDF},
  publisher = {{SPIE}-Intl Soc Optical Eng},
}

@Book{LeePottier2009PolarimetricRadarImaging,
  Title                    = {Polarimetric Radar Imaging: From Basics to Applications},
  Author                   = {J.-S. Lee and E. Pottier},
  Publisher                = {CRC},
  Year                     = {2009},

  Address                  = {Boca Raton},

  File                     = {LeePottier2009PolarimetricRadarImaging.pdf:livros_pdf/LeePottier2009PolarimetricRadarImaging.pdf:PDF}
}

@Comment{jabref-meta: databaseType:bibtex;}
